%% This BibTeX bibliography file was created using BibDesk.
%% http://bibdesk.sourceforge.net/


%% Created for Andrew Ning at 2013-03-27 15:52:16 -0600


%% Saved with string encoding Unicode (UTF-8)



@techreport{Fingersh2006,
	Address = {Golden, CO},
	Author = {Fingersh, L. and Hand, M. and Laxson, A.},
	Date-Added = {2013-03-27 21:51:46 +0000},
	Date-Modified = {2013-03-27 21:51:46 +0000},
	Institution = {National Renewable Energy Laboratory},
	Month = {December},
	Publisher = {National Renewable Energy Laboratory},
	Title = {Wind Turbine Design Cost and Scaling Model},
	Type = {{NREL}/{TP}-500-40566},
	Year = {2005}
}

@misc{WindPACT,
	Author = {WindPACT},
	Date-Added = {2013-03-27 21:52:14 +0000},
	Date-Modified = {2013-03-27 21:52:14 +0000},
        Title = {Wind Partnerships for Advanced Component Technology (WindPACT)}
        Month = May
	Year = {2013},
	howpublished = {\url{http://www.nrel.gov/wind/windpact.html}}
}

@techreport{Sunderland1993,
	Address = {Sunderland, UK},
	Author = {Harrison, R. and Jenkins, G.},
	Date-Added = {2013-03-27 21:51:46 +0000},
	Date-Modified = {2013-03-27 21:51:46 +0000},
	Institution = {University of Sunderland, School of Environment},
	Month = {December},
	Publisher = {University of Sunderland},
	Title = {Cost Modeling of Horizontal Axis Wind Turbines},
	Type = {{ETSU}/W-34-00170-REP},
	Year = {1993}
}

@techreport{Malcolm2002,
	Address = {Golden, CO},
	Author = {Malcolm, D.J. and Hansen, A.C.},
	Date-Added = {2013-03-27 21:51:46 +0000},
	Date-Modified = {2013-03-27 21:51:46 +0000},
	Institution = {National Renewable Energy Laboratory},
	Month = {April},
	Publisher = {National Renewable Energy Laboratory},
	Title = {WindPACT Turbine Rotor Design Study},
	Type = {{NREL}/{SR}-500-32495},
	Year = {2006}
}

@techreport{Maples2010,
	Address = {Golden, CO},
	Author = {Maples, B. and Hand, M. and Musial, W.},
	Date-Added = {2013-03-27 21:51:46 +0000},
	Date-Modified = {2013-03-27 21:51:46 +0000},
	Institution = {National Renewable Energy Laboratory},
	Month = {October},
	Publisher = {National Renewable Energy Laboratory},
	Title = {Comparative Assessment of Direct Drive High Temperature Superconducting Generators in Multi-Megawatt Class Wind Turbines},
	Type = {{NREL}/{TP}-5000-49086},
	Year = {2010}
}

@techreport{TPI2003,
	Address = {Albuquerque, NM},
	Author = {TPI Composites Inc.},
	Date-Added = {2013-03-27 21:51:46 +0000},
	Date-Modified = {2013-03-27 21:51:46 +0000},
	Institution = {Sandia National Laboratories},
	Month = {May},
	Publisher = {Sandia National Laboratories},
	Title = {Cost Study for Large Wind Turbine Blades: WindPACT Blade System Design Studies},
	Type = {{SAND}/2003-1428},
	Year = {2003}
}

@techreport{Maples2013,
	Address = {Golden, CO},
	Author = {Maples, B.},
	Date-Added = {2013-03-27 21:51:46 +0000},
	Date-Modified = {2013-03-27 21:51:46 +0000},
	Institution = {National Renewable Energy Laboratory},
	Month = {TBD},
	Publisher = {National Renewable Energy Laboratory},
	Title = {Offshore Balance of Station Model - forthcoming},
	Type = {{NREL}/{TP}-5000-xxxxxx},
	Year = {TBD}
}

@techreport{Jonkman2009,
	Address = {Golden, CO},
	Author = {Jonkman, J. and Butterfield, S. and Musial, W. and Scott, G.},
	Date-Added = {2013-03-27 21:51:46 +0000},
	Date-Modified = {2013-03-27 21:51:46 +0000},
	Institution = {National Renewable Energy Laboratory},
	Month = {February},
	Publisher = {National Renewable Energy Laboratory},
	Title = {Definition of a 5-MW Reference Wind Turbine for Offshore System Development},
	Type = {{NREL}/{TP}-500-38060},
	Year = {2009}
}